<?xml version="1.0" encoding="UTF-8"?><collection xmlns="http://www.loc.gov/MARC21/slim"><record><leader>00361nam--2200133-i-4500</leader><controlfield tag="001">000021022</controlfield><controlfield tag="002">20161230</controlfield><controlfield tag="005">20161230201034</controlfield><controlfield tag="008">060222s1000------------r-----000-0-eng-d</controlfield><datafield ind1=" " ind2=" " tag="020"><subfield code="a">92-0-103</subfield></datafield><datafield ind1=" " ind2=" " tag="080"><subfield code="a">621.039.5(061.4)</subfield></datafield><datafield ind1=" " ind2=" " tag="245"><subfield code="a">Operating experience with nuclear power stations in member states in 1996</subfield></datafield><datafield ind1=" " ind2=" " tag="260"><subfield code="a">Vienna, Iaea, 1997. 844 P</subfield></datafield><datafield ind1=" " ind2=" " tag="852"><subfield code="a">80987</subfield></datafield></record></collection>